% You can generate BibTeX-style bibliography entries from e.g Google Scholar (Cite -> BibTeX)

@book{adams1995hitchhiker,
  title={The Hitchhiker's Guide to the Galaxy},
  author={Adams, D.},
  isbn={9781417642595},
  url={http://books.google.com/books?id=W-xMPgAACAAJ},
  year={1995},
  publisher={San Val}
}

@manual{EiT,
	title		= "Eksperter i Team - Innsida",
	address	    = "\url{https://innsida.ntnu.no/wiki/-/wiki/Norsk/Eksperter+i+team}",
	note		= "("visited on 22/03/2017)",
}


@manual{EiTkomp,
	title		= "Valuing Diversity",
	author      = "Johnson & Johnson",
	address	    = "\url{https://innsida.ntnu.no/wiki/-/wiki/Norsk/Eksperter+i+team}",
	note		= "(S. 84)",
}


@manual{groupEfficiencyModel,
    title = "What Makes Groups Effective?",
    author = "Hackman, Sundstrom, De Meuse, Futtrell",
    address = "\url{https://innsida.ntnu.no/wiki/-/wiki/Norsk/Eksperter+i+team}",
    note = "(S. 109 \textit{Figur 2.1 - Group Effectiveness Model})
}

@manual{EffectiveTeams,
	title		= "Creating Effective Teams. A Guide for Members and Leaders",
	author      = "Wheelan, Susan A",
	address	    = "EiT kompendiet",
	note		= "(S. 17 \textit{Promote Group Cohesion and Cooperation})",
}
@manual{Promotegroup,
	title		= "Creating Effective Teams. A Guide for Members and Leaders",
	author      = "Wheelan, Susan A",
	address	    = "EiT kompendiet",
	note		= "(S. 16 \textit{Promote Group Cohesion and Cooperation})",
}