@book{chen2014linear,
  title={Linear System Theory and Design},
  author={Chen, Chi-Tsong},
  isbn={9780199964543},
  series={The Oxford Series in Electrical and Computer Engineering},
  url={https://books.google.no/books?id=XyPAoAEACAAJ},
  year={2014},
  publisher={Oxford University Press, Incorporated}
}

@misc{wikibookLatex,
  title = {Wikibooks LaTeX},
  howpublished = {\url{https://en.wikibooks.org/wiki/LaTeX}},
  note = {Accessed: 2016-08-30}
}
